@incollection{abcd:2006a,
  author      = "Torben G. Andersen and Tim Bollerslev and 
                Peter F. Christoffersen and Francis X. 
                Diebold",
  title       = "Volatility and correlation forecasting",
  chapter     = 15,
  pages       = "777--878",
  editor      = "Graham Elliott and Clive W. J. Granger and 
                Allan Timmermann",
  booktitle   = "Handbook of Economic Forecasting, 
                Volume~1",
  publisher   = "Elsevier",
  address     = "Amsterdam",
  year        = 2006,
}